@Inbook {Bollen2010,
author="Bollen, Kenneth A.
and Zimmer, Catherine",
editor="van Montfort, Kees
and Oud, Johan H.L.
and Satorra, Albert",
title="An Overview of the Autoregressive Latent Trajectory (ALT) Model",
bookTitle="Longitudinal Research with Latent Variables",
year="2010",
publisher="Springer Berlin Heidelberg",
address="Berlin, Heidelberg",
pages="153--176",
isbn="978-3-642-11760-2",
doi="10.1007/978-3-642-11760-2_5",
url="http://dx.doi.org/10.1007/978-3-642-11760-2_5"
}