@Manual{R-base,
  title = {R: A Language and Environment for Statistical Computing},
  author = {{R Core Team}},
  organization = {R Foundation for Statistical Computing},
  address = {Vienna, Austria},
  year = {2016},
  url = {https://www.R-project.org/},
}
@Manual{R-dplyr,
  title = {dplyr: A Grammar of Data Manipulation},
  author = {Hadley Wickham and Romain Francois},
  year = {2016},
  note = {R package version 0.5.0},
  url = {https://CRAN.R-project.org/package=dplyr},
}
@Book{R-knitr,
  title = {Dynamic Documents with {R} and knitr},
  author = {Yihui Xie},
  publisher = {Chapman and Hall/CRC},
  address = {Boca Raton, Florida},
  year = {2015},
  edition = {2nd},
  note = {ISBN 978-1498716963},
  url = {http://yihui.name/knitr/},
}
@Manual{R-magrittr,
  title = {magrittr: A Forward-Pipe Operator for R},
  author = {Stefan Milton Bache and Hadley Wickham},
  year = {2014},
  note = {R package version 1.5},
  url = {https://CRAN.R-project.org/package=magrittr},
}
@Manual{R-MplusAutomation,
  title = {MplusAutomation: Automating Mplus Model Estimation and Interpretation},
  author = {Michael Hallquist and Joshua Wiley},
  year = {2016},
  note = {R package version 0.6-4},
  url = {https://CRAN.R-project.org/package=MplusAutomation},
}
@Manual{R-papaja,
  author = {Frederik Aust and Marius Barth},
  title = {{papaja}: {Create} {APA} manuscripts with {R Markdown}},
  year = {2017},
  note = {R package version 0.1.0.9492},
  url = {https://github.com/crsh/papaja},
}
@Manual{R-TabularManifest,
  title = {TabularManifest: Tabular Manifest},
  author = {Will Beasley},
  year = {2017},
  note = {R package version 0.1-16.9001},
  url = {http://melinae.com/},
}
@Manual{R-xtable,
  title = {xtable: Export Tables to LaTeX or HTML},
  author = {David B. Dahl},
  year = {2016},
  note = {R package version 1.8-2},
  url = {https://CRAN.R-project.org/package=xtable},
}
@Manual{R-htmlTable,
  title = {htmlTable: Advanced Tables for Markdown/HTML},
  author = {Max Gordon},
  year = {2017},
  note = {R package version 1.9},
  url = {https://CRAN.R-project.org/package=htmlTable},
}
@Manual{R-bindrcpp,
  title = {bindrcpp: An 'Rcpp' Interface to Active Bindings},
  author = {Kirill MÃ¼ller},
  year = {2017},
  note = {R package version 0.2},
  url = {https://CRAN.R-project.org/package=bindrcpp},
}
@Manual{R-DiagrammeR,
  title = {DiagrammeR: Graph/Network Visualization},
  author = {Knut Sveidqvist and Mike Bostock and Chris Pettitt and Mike Daines and Richard Iannone},
  year = {2017},
  note = {R package version 0.9.1},
  url = {https://CRAN.R-project.org/package=DiagrammeR},
}
@Manual{R-DiagrammeRsvg,
  title = {DiagrammeRsvg: Export DiagrammeR Graphviz Graphs as SVG},
  author = {Richard Iannone},
  year = {2016},
  note = {R package version 0.1},
  url = {https://CRAN.R-project.org/package=DiagrammeRsvg},
}
@Manual{R-png,
  title = {png: Read and write PNG images},
  author = {Simon Urbanek},
  year = {2013},
  note = {R package version 0.1-7},
  url = {https://CRAN.R-project.org/package=png},
}
@Manual{R-rsvg,
  title = {rsvg: Render SVG Images into PDF, PNG, PostScript, or Bitmap Arrays},
  author = {Jeroen Ooms},
  year = {2017},
  note = {R package version 1.1},
  url = {https://CRAN.R-project.org/package=rsvg},
}
@Manual{R-svglite,
  title = {svglite: An 'SVG' Graphics Device},
  author = {Hadley Wickham and Lionel Henry and T Jake Luciani and Matthieu Decorde and Vaudor Lise},
  year = {2016},
  note = {R package version 1.2.0},
  url = {https://CRAN.R-project.org/package=svglite},
}
